<marcxml:record xmlns:marcxml="http://www.loc.gov/MARC21/slim" xmlns:idx="info:lc/xq-modules/lcindex" xmlns:madsrdf="http://www.loc.gov/mads/rdf/v1#" xmlns:ri="http://id.loc.gov/ontologies/RecordInfo#" xmlns:xlink="http://www.w3.org/1999/xlink" xmlns:rdf="http://www.w3.org/1999/02/22-rdf-syntax-ns#" xmlns:mets="http://www.loc.gov/METS/" xmlns:semtriples="http://marklogic.com/semantic" xmlns:xsi="http://www.w3.org/2001/XMLSchema-instance" xmlns:streams="info:lc/streams#">
            <marcxml:leader>00360nz  a2200133n  4500</marcxml:leader>
            <marcxml:controlfield tag="001">sh99000442</marcxml:controlfield>
            <marcxml:controlfield tag="003">DLC</marcxml:controlfield>
            <marcxml:controlfield tag="005">19990302151814.0</marcxml:controlfield>
            <marcxml:controlfield tag="008">990122i| anannbab|          |a ana |||  </marcxml:controlfield>
            <marcxml:datafield tag="010" ind1=" " ind2=" ">
              <marcxml:subfield code="a">sh 99000442 </marcxml:subfield>
            </marcxml:datafield>
            <marcxml:datafield tag="040" ind1=" " ind2=" ">
              <marcxml:subfield code="a">DLC</marcxml:subfield>
              <marcxml:subfield code="c">DLC</marcxml:subfield>
            </marcxml:datafield>
            <marcxml:datafield tag="150" ind1=" " ind2="0">
              <marcxml:subfield code="a">Ivories, Roman</marcxml:subfield>
            </marcxml:datafield>
            <marcxml:datafield tag="450" ind1=" " ind2="0">
              <marcxml:subfield code="a">Roman ivories</marcxml:subfield>
            </marcxml:datafield>
            <marcxml:datafield tag="670" ind1=" " ind2=" ">
              <marcxml:subfield code="a">Work cat.: 98-74057: Cutler, A. Late Antique and Byzantine Ivory Carving, 1998.</marcxml:subfield>
            </marcxml:datafield>
          </marcxml:record>
